@article{he:2014,
  title={Good path generation methods in quasi-Monte Carlo for pricing financial derivatives},
  author={He, Zhijian and Wang, Xiaoqun},
  journal={SIAM Journal on Scientific Computing},
  volume={36},
  number={2},
  pages={B171--B197},
  year={2014},
  publisher={SIAM}
}