@article{xie:2019,
  title={An importance sampling-based smoothing approach for quasi-Monte Carlo simulation of discrete barrier options},
  author={Xie, Fei and He, Zhijian and Wang, Xiaoqun},
  journal={European Journal of Operational Research},
  volume={274},
  number={2},
  pages={759--772},
  year={2019},
  publisher={Elsevier}
}