@article{he:2016,
  title={Extensible grids: uniform sampling on a space filling curve },
  author={He, Zhijian and Owen, Art B},
  journal={Journal of the Royal Statistical Society: Series B},
  volume={78},
  number={4},
  pages={917--931},
  year={2016}
}