@article{he:2019,
  title={Asymptotic normality of extensible grid sampling},
  author={He, Zhijian and Zhu, Lingjiong},
  journal={Statistics and Computing},
  volume={29},
  number={1},
  pages={53--65},
  year={2019},
  publisher={Springer}
}