@article{he;wang2020,
  title={An integrated quasi-Monte Carlo method for handling high dimensional problems with discontinuities in financial engineering},
  author={He, Zhijian and Wang, Xiaoqun},
  journal={Computational Economics},
  pages={1--26},
  year={2020},
  publisher={Springer}
}