@article{weng:2016,
  title={An auto-realignment method in quasi-Monte Carlo for pricing financial derivatives with jump structures},
  author={Weng, Chengfeng and Wang, Xiaoqun and He, Zhijian},
  journal={European Journal of Operational Research},
  volume={254},
  number={1},
  pages={304--311},
  year={2016},
  publisher={Elsevier}
}