@article{he:wang:2020,
  title={Convergence analysis of quasi-Monte Carlo sampling for quantile and expected shortfall},
  author={He, Zhijian and Wang, Xiaoqun},
  journal={Mathematics of Computation},
  year={2020}
}