@article{he:2019,
  title={On the Error Rate of Conditional Quasi--Monte Carlo for Discontinuous Functions},
  author={He, Zhijian},
  journal={SIAM Journal on Numerical Analysis},
  volume={57},
  number={2},
  pages={854--874},
  year={2019},
  publisher={SIAM}
}