@article{weng:2017,
  title={Efficient Computation of Option Prices and Greeks by Quasi--Monte Carlo Method with Smoothing and Dimension Reduction},
  author={Weng, Chengfeng and Wang, Xiaoqun and He, Zhijian},
  journal={SIAM Journal on Scientific Computing},
  volume={39},
  number={2},
  pages={B298--B322},
  year={2017},
  publisher={SIAM}
}