@article{he:2018,
  title={Quasi-Monte Carlo for discontinuous integrands with singularities along the boundary of the unit cube},
  author={He, Zhijian},
  journal={Mathematics of Computation},
  volume={87},
  number={314},
  pages={2857--2870},
  year={2018}
}