@article{he:wang:2015,
  title={On the convergence rate of randomized quasi--Monte Carlo for discontinuous functions},
  author={He, Zhijian and Wang, Xiaoqun},
  journal={SIAM Journal on Numerical Analysis},
  volume={53},
  number={5},
  pages={2488--2503},
  year={2015},
  publisher={SIAM}
}